@article{prive2017efficient,
	author = {Priv{\'e}, Florian and Aschard, Hugues and Ziyatdinov, Andrey and Blum, Michael G B},
	title = {Efficient analysis of large-scale genome-wide data with two {R} packages: bigstatsr and bigsnpr},
	journal = {Bioinformatics},
	volume = {34},
	number = {16},
	pages = {2781-2787},
	year = {2018},
	doi = {10.1093/bioinformatics/bty185},
	URL = {http://dx.doi.org/10.1093/bioinformatics/bty185},
	eprint = {/oup/backfile/content_public/journal/bioinformatics/34/16/10.1093_bioinformatics_bty185/1/bty185.pdf}
}
